@book{salkin1975integer,
  title={Integer Programming},
  author={Salkin, H.M.},
  isbn={9780201068412},
  lccn={10154749},
  year={1975},
  publisher={Addison-Wesley Publishing Company}
}

@article{Cheng2021,
  title = {Robust Facility Location Under Disruptions},
  volume = {3},
  ISSN = {2575-1492},
  url = {http://dx.doi.org/10.1287/ijoo.2021.0054},
  DOI = {10.1287/ijoo.2021.0054},
  number = {3},
  journal = {INFORMS Journal on Optimization},
  publisher = {Institute for Operations Research and the Management Sciences (INFORMS)},
  author = {Cheng,  Chun and Adulyasak,  Yossiri and Rousseau,  Louis-Martin},
  year = {2021},
  X_month = jul,
  pages = {298--314}
}
